@book{hair2016primer,
  title={A primer on partial least squares structural equation modeling (PLS-SEM)},
  author={Hair Jr, Joseph F and Hult, G Tomas M and Ringle, Christian and Sarstedt, Marko},
  year={2016},
  publisher={Sage Publications}
}

@article{kolovos2015eugenia,
  title={Eugenia: towards disciplined and automated development of GMF-based graphical model editors},
  author={Kolovos, Dimitrios S and Garc{\'\i}a-Dom{\'\i}nguez, Antonio and Rose, Louis M and Paige, Richard F},
  journal={Software \& Systems Modeling},
  pages={1--27},
  year={2015},
  publisher={Springer}
}

@MastersThesis{Richardsen2014,
  title={Learning Modeling Languages Using Strategies from Gaming},
  author={Richardsen, Oyvin},
  year={2014},
  school     =     {Norwegian University of Science and Technology},
  address = {Norway},
  publisher={Institutt for telematikk}
}

@inproceedings{Ionita2015,
  title={Tangible modelling to elicit domain knowledge: an experiment and focus group},
  author={Ionita, Dan and Wieringa, Roel and Bullee, Jan-Willem and Vasenev, Alexandr},
  booktitle={International Conference on Conceptual Modeling},
  pages={558--565},
  year={2015},
  organization={Springer}
}

@article{Stikkolorum2014,
  title={The art of software design, a video game for learning software design principles},
  author={Stikkolorum, Dave R and Chaudron, Michel RV and de Bruin, Oswald},
  journal={arXiv preprint arXiv:1401.5111},
  year={2014}
}

@article{Pedreira2015,
  title={Gamification in software engineering--A systematic mapping},
  author={Pedreira, Oscar and Garc{\'\i}a, F{\'e}lix and Brisaboa, Nieves and Piattini, Mario},
  journal={Information and Software Technology},
  volume={57},
  pages={157--168},
  year={2015},
  publisher={Elsevier}
}

@incollection{Groenewegen2010,
  title={Playing archimate models},
  author={Groenewegen, Jos and Hoppenbrouwers, Stijn and Proper, Erik},
  booktitle={Enterprise, Business-Process and Information Systems Modeling},
  pages={182--194},
  year={2010},
  publisher={Springer}
}

@inproceedings{Deterding2013,
  title={Designing gamification: creating gameful and playful experiences},
  author={Deterding, Sebastian and Bj{\"o}rk, Staffan L and Nacke, Lennart E and Dixon, Dan and Lawley, Elizabeth},
  booktitle={CHI'13 Extended Abstracts on Human Factors in Computing Systems},
  pages={3263--3266},
  year={2013},
  organization={ACM}
}

@inproceedings{Yohannis2014,
  title={Defining Gamification: From lexical meaning and process viewpoint towards a gameful reality},
  author={Yohannis, Alfa Ryano and Prabowo, Yulius Denny and Waworuntu, Alexander},
  booktitle={Information Technology Systems and Innovation (ICITSI), 2014 International Conference on},
  pages={284--289},
  year={2014},
  organization={IEEE}
}

@article{Kapp2012,
  title={The gamification of learning and instruction: game-based methods and strategies for training and education},
  author={Kapp, Karl M},
  year={2012},
  publisher={John Wiley \& Sons}
}

@inproceedings{Werbach2014,
  title={(Re) Defining Gamification: A Process Approach},
  author={Werbach, Kevin},
  booktitle={International Conference on Persuasive Technology},
  pages={266--272},
  year={2014},
  organization={Springer}
}

@article{Naps2005,
  title={Jhav{\'e}: Supporting algorithm visualization},
  author={Naps, Thomas L},
  journal={IEEE Computer Graphics and Applications},
  volume={25},
  number={5},
  pages={49--55},
  year={2005},
  publisher={IEEE}
}

@inproceedings{schmidt2014teaching,
  title={Teaching model-driven software development: revealing the great miracle of code generation to students},
  author={Schmidt, Andreas and Kimmig, Daniel and Bittner, Klaus and Dickerhof, Markus},
  booktitle={Proceedings of the Sixteenth Australasian Computing Education Conference-Volume 148},
  pages={97--104},
  year={2014},
  organization={Australian Computer Society, Inc.}
}

@inproceedings{Szmurlo2007,
  title={Teaching software modeling in a simulated project environment},
  author={Szmur{\l}o, Robert and {\'S}mia{\l}ek, Micha{\l}},
  booktitle={International Conference on Model Driven Engineering Languages and Systems},
  pages={301--310},
  year={2006},
  organization={Springer}
}

@inproceedings{Whittle2014,
author = {Whittle, Jon and Bull, Christopher N. and Lee, Jaejoon and Kotonya, Gerald},
booktitle = {CEUR Workshop Proceedings},
mendeley-groups = {MODELS 2016},
pages = {12--21},
publisher = {CEUR-WS},
title = {{Teaching in a software design studio: Implications for modeling education}},
volume = {1346},
year = {2014}
}

@article{neubauer2003immersive,
  title={Immersive visual modeling: potential use of virtual reality in teaching software design},
  author={Neubauer, Bruce J and Harris, James D},
  journal={Journal of Computing Sciences in Colleges},
  volume={18},
  number={6},
  pages={142--150},
  year={2003},
  publisher={Consortium for Computing Sciences in Colleges}
}

a@inproceedings{Brandsteidl2011,
  title={Novel communication channels in software modeling education},
  author={Brandsteidl, Marion and Wieland, Konrad and Huemer, Christian},
  booktitle={International Conference on Model Driven Engineering Languages and Systems},
  pages={40--54},
  year={2010},
  organization={Springer}
}

@inproceedings{Akayama2013,
  title={Tool Use in Software Modelling Education.},
  author={Akayama, Seiko and Demuth, Birgit and Lethbridge, Timothy C and Scholz, Marion and Stevens, Perdita and Stikkolorum, Dave R},
  booktitle={EduSymp@ MoDELS},
  year={2013}
}

@inproceedings{moisan2009teaching,
  title={Teaching object-oriented modeling and UML to various audiences},
  author={Moisan, Sabine and Rigault, Jean-Paul},
  booktitle={International Conference on Model Driven Engineering Languages and Systems},
  pages={40--54},
  year={2009},
  organization={Springer}
}

@inproceedings{deterding2011game,
  title={From game design elements to gamefulness: defining gamification},
  author={Deterding, Sebastian and Dixon, Dan and Khaled, Rilla and Nacke, Lennart},
  booktitle={Proceedings of the 15th international academic MindTrek conference},
  pages={9--15},
  year={2011},
  organization={ACM}
}

@article{peffers2007design,
  title={A design science research methodology for information systems research},
  author={Peffers, Ken and Tuunanen, Tuure and Rothenberger, Marcus A and Chatterjee, Samir},
  journal={Journal of management information systems},
  volume={24},
  number={3},
  pages={45--77},
  year={2007},
  publisher={Taylor \& Francis}
}

@article{deterding2015lens,
  title={The lens of intrinsic skill atoms: A method for gameful design},
  author={Deterding, Sebastian},
  journal={Human--Computer Interaction},
  volume={30},
  number={3-4},
  pages={294--335},
  year={2015},
  publisher={Taylor \& Francis}
}

@article{Kramer2007,
  title={Is abstraction the key to computing?},
  author={Kramer, Jeff},
  journal={Communications of the ACM},
  volume={50},
  number={4},
  pages={36--42},
  year={2007},
  publisher={ACM}
}

@inproceedings{Borstler2012,
  title={Teaching software modeling in computing curricula},
  author={B{\"o}rstler, J{\"u}rgen and Kuzniarz, Ludwik and Alphonce, Carl and Sanders, William B and Smialek, Michal},
  booktitle={Proceedings of the final reports on Innovation and technology in computer science education 2012 working groups},
  pages={39--50},
  year={2012},
  organization={ACM}
}

@article{Duval2006,
  title={A cognitive analysis of problems of comprehension in a learning of mathematics},
  author={Duval, Raymond},
  journal={Educational studies in mathematics},
  volume={61},
  number={1-2},
  pages={103--131},
  year={2006},
  publisher={Springer}
}

@book{Saitta2013,
  title={Abstraction in artificial intelligence and complex systems},
  author={Saitta, Lorenza and Zucker, Jean-Daniel},
  volume={456},
  year={2013},
  publisher={Springer}
}

@book{Michael2005,
  title={Serious games: Games that educate, train, and inform},
  author={Michael, David R and Chen, Sandra L},
  year={2005},
  publisher={Muska \& Lipman/Premier-Trade}
}

@inproceedings{Yohannis2015,
  title={Sort Attack: Visualization and Gamification of Sorting Algorithm Learning},
  author={Yohannis, Alfa and Prabowo, Yulius},
  booktitle={the 7th VS-Games},
  pages={1--8},
  year={2015},
  organization={IEEE}
}

@article{Ibanez2014,
  title={Gamification for engaging computer science students in learning activities: A case study},
  author={Ibanez, Maria-Blanca and Di-Serio, Angela and Delgado-Kloos, Carlos},
  journal={IEEE Transactions on Learning Technologies},
  volume={7},
  number={3},
  pages={291--301},
  year={2014},
  publisher={IEEE}
}


